@online{googlequote,
  title={Facts about Google and Competition},
  url={https://www.google.com/insidesearch/howsearchworks/algorithms.html},
  year=2012,
  publisher={Google Inc.},
  urldate={Dec 1, 2016}
}

@online{efactory,
  title={The PageRank Algorithm},
  author={Markus Sobek},
  year = {2003},
  url = {http://pr.efactory.de/e-pagerank-algorithm.shtml},
  urldate = {2016-05-03}  
}

@online{pagerankwiki,
  title={PageRank},
  url = {https://en.wikipedia.org/wiki/PageRank},
  month = {May},
  year = {2016},
  author = {Tessaract2},
  urldate={Nov 23, 2016}
}

@online{mnielsen,
  title={Using MapReduce to Compute PageRank},
  author={Michael Nielsen},
  year={2009},
  url={http://michaelnielsen.org/blog/using-mapreduce-to-compute-pagerank/},
  urldate={Nov 23, 2016}
}

@online{cloudOutage,
	title={Cloud outage audit 2014 reveals AWS on top, Azure down},
	author={Beth Pariseau and Trevor Jones},
	month={Dec},
	year={2014},
	publisher={Search Cloud Computing},
	url={http://searchcloudcomputing.techtarget.com/news/2240237323/Cloud-outage-audit-2014-reveals-AWS-on-top-Azure-down},
	urldate={June 22, 2016}
}
